@inproceedings{ost21,
	author = {Lara Ost and Christian Schulz and Darren Strash},
	title = {Engineering Data Reduction for Nested Dissection},
	booktitle = {2021 Proceedings of the Symposium on Algorithm Engineering and Experiments (ALENEX)},
	chapter = {},
	pages = {113-127},
	doi = {10.1137/1.9781611976472.9},
    year = {2021}
}

@inproceedings{fichtenberger21,
  title={Differentially Private Algorithms for Graphs Under Continual Observation},
  author={Fichtenberger, Hendrik and Henzinger, Monika and Ost, Lara},
  booktitle={29th Annual European Symposium on Algorithms (ESA 2021)},
  year={2021},
  doi = {10.4230/LIPIcs.ESA.2021.42}
}

@misc{fichtenberger21.poster,
	title={Differentially Private Algorithms for Graphs Under Continual Observation},
	author={Hendrik Fichtenberger and Monika Henzinger and Lara Ost},
    sortyear = {2021},
	pubstate = {Poster at the Workshop on Theory and Practice of Differential Privacy at ICML 2021}
}

@inproceedings{hanauer22,
  author={Hanauer, Kathrin and Henzinger, Monika and Ost, Lara and Schmid, Stefan},
  booktitle={IEEE INFOCOM 2023 - IEEE Conference on Computer Communications}, 
  title={Dynamic Demand-Aware Link Scheduling for Reconfigurable Datacenters}, 
  year={2023},
  volume={},
  number={},
  pages={1-10},
  doi={10.1109/INFOCOM53939.2023.10229050}
}

@inproceedings{cultrera24,
  author = {Sebastiano Cultrera di Montesano and Herbert Edelsbrunner and Monika Henzinger and Lara Ost},
  title = {Dynamically Maintaining the Persistent Homology of Time Series},
  booktitle = {Proceedings of the 2024 Annual ACM-SIAM Symposium on Discrete Algorithms (SODA)},
  year = {2024},
  chapter = {},
  pages = {243-295},
  doi = {10.1137/1.9781611977912.11},
}

@misc{ost24.1,
  title={Banana Trees for the Persistence in Time Series Experimentally}, 
  author={Lara Ost and Sebastiano Cultrera di Montesano and Herbert Edelsbrunner},
  year={2025},
  eprint={2405.17920},
  archivePrefix={arXiv},
  primaryClass={cs.DS},
  note={To appear},
  url={https://arxiv.org/abs/2405.17920},
  sortyear={9999}
}

@misc{ost24.2,
  title={Efficient Greedy Discrete Subtrajectory Clustering},
  author={Lara Ost and Eva Rotenberg and Daniel Rutschmann and Ivor van der Hoog},
  year={2025},
  eprint={2503.14115},
  archivePrefix={arXiv},
  primaryClass={cs.CG},
  note={To appear},
  url={https://arxiv.org/abs/2503.14115},
  sortyear={9999}
}